@article{mell2011nist,
  title     = {The NIST definition of cloud computing},
  author    = {Mell, Peter and Grance, Tim and others},
  year      = {2011},
  publisher = {Computer Security Division, Information Technology Laboratory, National~â€¦}
}

@misc{azure2021microsoft,
  author       = {Microsoft},
  title        = {Discuss Azure fundamental concepts},
  year         = {2021},
  url          = {https://docs.microsoft.com/en-us/learn/modules/fundamental-azure-concepts/categories-of-cloud-services},
}